
@ARTICLE{Pang2002,
    AUTHOR="Bo Pang and Lillian Lee and Shivakumar Vaithyanahan",
    TITLE="Thumbs up? Sentiment Classification using Machine Learning Techniques",
    JOURNAL="Proceeding of EMNLP",
    YEAR="2002"
}

